@inproceedings{DNPR:10:DPCO,
 author = {Cynthia Dwork and Moni Naor and Toniann Pitassi and
           Guy N. Rothblum},
 title = {Differential Privacy Under Continual Observation},
 booktitle = {STOC},
 year = {2010},
 pages = {715--724},
 numpages = {10},
 publisher = {ACM},
 address = {New York, NY, USA},
 keywords = {privacy, private data analysis},
}

@inproceedings{DNPRY:10:PPSA,
  author    = {Cynthia Dwork and Moni Naor and Toniann Pitassi and
               Guy N. Rothblum and Sergey Yekhanin},
  title     = {Pan-Private Streaming Algorithms},
  booktitle = {Innovations in Computer Science},
  pages     = {66--80},
  year      = {2010},
}

@article{GRS:12:UUPM,
 author = {Arpita Ghosh and Tim Roughgarden and Mukund Sundararajan},
 title = {Universally Utility-maximizing Privacy Mechanisms},
 journal = {SIAM Journal of Computing},
 year = {2012},
 pages = {1673--1693},
 volume = {41},
 number = {6},
 publisher = {SIAM},
} 

@inproceedings{GRS:09:UUPM,
 author = {Arpita Ghosh and Tim Roughgarden and Mukund Sundararajan},
 title = {Universally Utility-maximizing Privacy Mechanisms},
 booktitle = {STOC},
 year = {2009},
 isbn = {978-1-60558-506-2},
 pages = {351--360},
 numpages = {10},
 publisher = {ACM},
 address = {New York, NY, USA},
} 

@article{TKBW:17:PLAI,
  author    = {Jun Tang and Aleksandra Korolova and Xiaolong Bai and
               Xueqiang Wang and Xiaofeng Wang}, 
  title     = {Privacy Loss in Apple's Implementation of Differential
               Privacy on {MacOS} 10.12},
  journal   = {CoRR},
  volume    = {abs/1709.02753},
  year      = {2017},
  url       = {http://arxiv.org/abs/1709.02753},
  archivePrefix = {arXiv},
}

@Misc{A:16:EPYU,
  author =    {WWDC},
  title =     {Engineering Privacy for Your Users},
  year =      {2016},
  url =      {https://developer.apple.com/videos/play/wwdc2016/709/}
}

@Article{DR:14:AFDP,
  author =       {C. Dwork and A. Roth},
  title =        {The Algorithmic Foundations of Differential Privacy},
  journal =      {Foundations and Trends in Theoretical Computer Science},
  year =         {2014},
  volume =    {9},
  number =    {3--4},
  pages =     {211--407},
  publisher = {NOW Publishers},
}

@InProceedings{DMNS:06:CNSPD,
  author =       {C. Dwork and F. McSherry and K. Nissim and A. Smith},
  title =        {Calibrating Noise to Sensitivity in Private Data Analysis},
  booktitle = {Theory of Cryptography Conference},
  year =      {06},
  editor =    {Shai Halevi and Tal Rabin},
  volume =    {3876},
  series =    {LNCS},
  pages =     {265--284},
  publisher = {Springer},
}

@InProceedings{D:06:DP,
  author =       {Cynthia Dwork},
  title =        {Differential Privacy},
  booktitle = {International Colloquium on Automata, Languages and
  Programming (ICALP)},
  year =      {2006},
  editor =    {Michele Bugliesi and Bart Preneel and Vladimiro Sassone
  and Ingo Wegener},
  volume =    {4052},
  series =    {LNCS},
  pages =     {1--12},
  publisher = {Springer},
}

@InProceedings{M:12:SLSBDP,
  author =       {I. Mironov},
  title =        {On Significance of the Least Significant Bits for
                  Differential Privacy},
  booktitle = {ACM Conference on Computer and Communications Security},
  year =      {2012},
  editor =    {T. Yu and G. Danezis and V. D. Gligor},
  pages =     {650--661},
}

@InProceedings{TKD:11:FVDPIS,
  author =       {Michael Carl Tschantz and Dilsun Kaynar and Anupam Datta},
  title =        {Formal Verification of Differential Privacy for
                  Interactive Systems},
  booktitle = {Mathematical Foundations of Programming Semantics},
  year =      {2011},
  volume =    {276},
  number =    {0},
  pages =     {61--79},
}

@InProceedings{JP:10:DMTGS,
  author =       {Jason Reed and Benjamin C. Pierce},
  title =        {Distance Makes the Types Grow Stronger: a Calculus
                  for Differential Privacy},
  booktitle = {International Conference on Functional Programming},
  year =      {2010},
  editor =    {Paul Hudak and Stephanie Weirich},
  pages =   {157--168},
  publisher = {ACM},
}

@InProceedings{GHHNP:13:LDTDP,
  author =       {Marco Gaboardi and Andreas Haeberlen and Justin Hsu
                  and Arjun Narayan and Benjamin C. Pierce},
  title =        {Linear Dependent Types for Differential Privacy},
  booktitle = {Principles of Programming Languages},
  year =      {2013},
  editor =    {Roberto Giacobazzi and Radhia Cousot},
  pages =     {357--370},
  publisher = {ACM},
}

@InProceedings{BKOZ:12:PRRDP,
  author =     {Gilles Barthe and Boris K\"opf and Federico Olmedo and
                  Santiago Zanella B\'eguelin},
  title =      {Probabilistic Relational Reasoning for Differential Privacy},
  booktitle = {Principles of Programming Languages},
  year =      {2012},
  editor =    {John Field and Michael Hicks},
  pages =     {97--110},
  publisher = {ACM},
}


@InProceedings{BDGKZ:13:VCDP,
  author =       {Gilles Barthe and George Danezis and Benjamin
               Gr\'egoire and C\'esar Kunz and Santiago Zanella B\'eguelin},
  title =        {Verified Computational Differential Privacy with
                  Applications to Smart Metering},
  booktitle = {Computer Security Foundations},
  year =      {2013},
  editor =    {V\'eronique Cortier and Anupam Datta},
  pages =     {287--301},
  publisher = {{IEEE} Computer Society},
}

@article{JLE:14:DPML,
  author    = {Zhanglong Ji and Zachary Chase Lipton and Charles Elkan},
  title     = {Differential Privacy and Machine Learning: a Survey and Review},
  journal   = {CoRR},
  volume    = {abs/1412.7584},
  year      = {2014},
  url       = {http://arxiv.org/abs/1412.7584},
  archivePrefix = {arXiv},
}

@Article{FWC:10:PPDP,
  author =       {Benjamin C. M. Fung and Ke Wang and Rui Chen and
                  Philip S. Yu}, 
  title =        {Privacy-Preserving Data Publish: A Survey of Recent
                  Developments}, 
  journal =      {ACM Computing Surveys},
  year =         {2010},
  volume =    {42},
  number =    {4},
  pages =     {14:1--14:53},
  month =     {June},
}

@Article{CY:98:MDPRE,
  author =       {Costas Courcoubetis and Mihalis Yannakakis},
  title =        {Markov Decision Processes and Regular Events},
  journal =      {IEEE Transactions on Automatic Control},
  year =         {1998},
  volume =    {43},
  number =    {10},
  pages =     {1399--1418},
}

@InProceedings{EKVY:07:MMCMDP,
  author =       {K. Etessami and M. Kwiatkowska and M. Y. Vardi and 
                  M. Yannakakis},
  title =        {Multi-objective Model Checking of Markov Decision Processes},
  booktitle = {TACAS},
  year =      {2007},
  editor =    {O. Grumberg and M. Huth},
  volume =    {4424},
  series =    {LNCS},
  pages =     {50--65},
  publisher = {Springer},
}

@Book{BK:08:PMC,
  author =    {Christel Baier and Joose-Pieter Katoen},
  title =        {Principles of Model Checking},
  publisher =    {The MIT Press},
  year =         {2008},
}

